@misc{nfb.org,
author = {nfb.org},
title = {Blindness Statistics},
url = {https://nfb.org/blindness-statistics}}

@inproceedings{mainetti2014survey,
  title={A survey on indoor positioning systems},
  author={Mainetti, Luca and Patrono, Luigi and Sergi, Ilaria},
  booktitle={Software, Telecommunications and Computer Networks (SoftCOM), 2014 22nd International Conference on},
  pages={111--120},
  year={2014},
  organization={IEEE}
}

@inproceedings{otsason2005accurate,
  title={Accurate GSM indoor localization},
  author={Otsason, Veljo and Varshavsky, Alex and LaMarca, Anthony and De Lara, Eyal},
  booktitle={International conference on ubiquitous computing},
  pages={141--158},
  year={2005},
  organization={Springer}
}

@article{li2011performance,
  title={Performance-based evaluation of RFID-based indoor location sensing solutions for the built environment},
  author={Li, Nan and Becerik-Gerber, Burcin},
  journal={Advanced Engineering Informatics},
  volume={25},
  number={3},
  pages={535--546},
  year={2011},
  publisher={Elsevier}
}

@article{liu2014survey,
  title={Survey of Wireless Based Indoor Localization Technologies},
  author={Liu, Junjie},
  journal={Dept. of Science \& Engineering, Washington University},
  year={2014}
}

@article{ward1997new,
  title={A new location technique for the active office},
  author={Ward, Andy and Jones, Alan and Hopper, Andy},
  journal={IEEE Personal Communications},
  volume={4},
  number={5},
  pages={42--47},
  year={1997},
  publisher={IEEE}
}

@article{medina2013ultrasound,
  title={Ultrasound indoor positioning system based on a low-power wireless sensor network providing sub-centimeter accuracy},
  author={Medina, Carlos and Segura, Jos{\'e} Carlos and De la Torre, Angel},
  journal={Sensors},
  volume={13},
  number={3},
  pages={3501--3526},
  year={2013},
  publisher={Multidisciplinary Digital Publishing Institute}
}

@misc{developers.google.com,
author = {developers.google.com},
title = {Google Beacons},
url = {https://developers.google.com/beacons/eddystone}}

@article{chan2012indoor,
  title={Indoor localization using Wi-Fi based fingerprinting and trilateration techiques for LBS applications},
  author={Chan, Solomon and Sohn, Gunho},
  journal={International Archives of the Photogrammetry, Remote Sensing and Spatial Information Sciences},
  volume={38},
  pages={4},
  year={2012}
}

@article{navarro2010wi,
  title={Wi-Fi Localization Using RSSI Fingerprinting},
  author={Navarro, Eduardo and Peuker, Benjamin and Quan, Michael},
  journal={Bachelor's thesis, California Polytechnic State University},
  year={2010},
  publisher={Citeseer}
}

@article{wu2016improved,
  title={Improved particle filter based on WLAN RSSI fingerprinting and smart sensors for indoor localization},
  author={Wu, Zheng and Jedari, Esrafil and Muscedere, Roberto and Rashidzadeh, Rashid},
  journal={Computer Communications},
  volume={83},
  pages={64--71},
  year={2016},
  publisher={Elsevier}
}

@article{faragher2015location,
  title={Location fingerprinting with bluetooth low energy beacons},
  author={Faragher, Ramsey and Harle, Robert},
  journal={IEEE Journal on Selected Areas in Communications},
  volume={33},
  number={11},
  pages={2418--2428},
  year={2015},
  publisher={IEEE}
}

@article{zhuang2016smartphone,
  title={Smartphone-Based Indoor Localization with Bluetooth Low Energy Beacons},
  author={Zhuang, Yuan and Yang, Jun and Li, You and Qi, Longning and El-Sheimy, Naser},
  journal={Sensors},
  volume={16},
  number={5},
  pages={596},
  year={2016},
  publisher={Multidisciplinary Digital Publishing Institute}
}

@inproceedings{bao2013indoor,
  title={An indoor dead-reckoning algorithm with map matching},
  author={Bao, Haitao and Wong, Wai-Choong},
  booktitle={2013 9th International Wireless Communications and Mobile Computing Conference (IWCMC)},
  pages={1534--1539},
  year={2013},
  organization={IEEE}
}
